<?xml version="1.0" encoding="UTF-8"?><record xmlns="http://www.loc.gov/MARC21/slim" xmlns:cinclude="http://apache.org/cocoon/include/1.0" xmlns:zs="http://www.loc.gov/zing/srw/">
  <leader>00422cz  a2200121n  4500</leader>
  <controlfield tag="001">n  87103593 </controlfield>
  <controlfield tag="003">DLC</controlfield>
  <controlfield tag="005">19920416165020.8</controlfield>
  <controlfield tag="008">870615n| acannaab|          |n aaa ||| c</controlfield>
  <datafield tag="010" ind1=" " ind2=" ">
    <subfield code="a">n  87103593 </subfield>
    <subfield code="z">n  86016858 </subfield>
  </datafield>
  <datafield tag="040" ind1=" " ind2=" ">
    <subfield code="a">MH</subfield>
    <subfield code="c">MH</subfield>
    <subfield code="d">DLC</subfield>
  </datafield>
  <datafield tag="100" ind1="1" ind2="0">
    <subfield code="a">Engels, Gerhard</subfield>
  </datafield>
  <datafield tag="670" ind1=" " ind2=" ">
    <subfield code="a">Wübbenhorst, H. 5000 Jahre Giessen von Metallen, c1984:</subfield>
    <subfield code="b">t.p. (Gerhard Engels) p. v (Hauptgeschäftsführer des Vereins Deutscher Giessereifachleute)</subfield>
  </datafield>
</record>